@ARTICLE { alkwai-tois17,
    AUTHOR = { Lulwah Alkwai and Michael L. Nelson and Michele C. Weigle },
    TITLE = { Comparing the Archival Rate of Arabic, English, Danish, and Korean Language Web Pages },
    JOURNAL = { ACM Transactions on Information Systems (TOIS) },
    YEAR = { 2017 },
    VOLUME = { 36 },
    NUMBER = { 1 },
    URL = { http://dl.acm.org/authorize?N39430 },
    DOI = { 10.1145/3041656 },
    PAGES = { 1:1--1:34 },
    MONTH = jul,
}

@INPROCEEDINGS { berlin-jcdl17,
    AUTHOR = { John Berlin and Mat Kelly and Michael L. Nelson and Michele C. Weigle },
    TITLE = { WAIL: Collection-Based Personal Web Archiving },
    BOOKTITLE = { Proceedings of the ACM/IEEE Joint Conference on Digital Libraries (JCDL) },
    YEAR = { 2017 },
    MONTH = jun,
    ADDRESS = { Toronto, Ontario, Canada },
    PAGES = { 340--341 }
}

@INPROCEEDINGS { alnoamany-websci17,
    AUTHOR = { Yasmin AlNoamany and Michele C. Weigle and Michael L. Nelson },
    TITLE = { Generating Stories from Archived Collections },
    BOOKTITLE = { Proceedings of the 9th International ACM Web Science Conference },
    YEAR = { 2017 },
    MONTH = jun,
    ADDRESS = { Troy, NY }
}

@MISC { weigle-capwic15,
    AUTHOR = { Michele C. Weigle },
    TITLE = { What's Grad School All About? },
    HOWPUBLISHED = { Talk given at the Capital Region Celebration of Women in Computing (CAPWIC) },
    YEAR = { 2015 },
    MONTH = feb,
    ADDRESS = { Harrisonburg, VA }
}

@Article{Isenberg:2017:VMC,
  author = {Petra Isenberg and Florian Heimerl and Steffen Koch and Tobias Isenberg and Panpan Xu and Chad Stolper and Michael Sedlmair and Jian Chen and Torsten M{\"o}ller and John Stasko},
	title = {{vispubdata.org: A Metadata Collection about {IEEE} Visualization ({VIS}) Publications}},
	journal = {IEEE Transactions on Visualization and Computer Graphics},
	year = {2017},
	volume = {23},
	OPTnumber = {},
	OPTmonth = {},
	OPTpages = {},
	doi = {https://doi.org/10.1109/TVCG.2016.2615308},
  OPTgooglescholarid = {},
	note = {To appear},
}
